<?xml version="1.0" encoding="UTF-8"?><collection xmlns="http://www.loc.gov/MARC21/slim"><record><leader>00459nam--2200181-u-4500</leader><controlfield tag="001">000050851</controlfield><controlfield tag="002">20161230</controlfield><controlfield tag="005">20170103174832</controlfield><controlfield tag="008">080416s1000------------r-----000-0-eng-d</controlfield><datafield ind1=" " ind2=" " tag="040"><subfield code="a">IFIN-HH</subfield></datafield><datafield ind1=" " ind2=" " tag="080"><subfield code="a">51</subfield></datafield><datafield ind1="1" ind2=" " tag="100"><subfield code="a">Zeldovich, Ya. B</subfield></datafield><datafield ind1="1" ind2="0" tag="245"><subfield code="a">Vysshaya Matematika dlya Nachinayushchikh Fizikov i Tekhnikov</subfield></datafield><datafield ind1=" " ind2=" " tag="260"><subfield code="a">Moskva</subfield><subfield code="b">Izdatelstvo Nauka</subfield><subfield code="c">1982</subfield></datafield><datafield ind1=" " ind2=" " tag="300"><subfield code="a">510 p</subfield></datafield><datafield ind1=" " ind2=" " tag="700"><subfield code="a">Yaglom, I. M</subfield></datafield><datafield ind1=" " ind2=" " tag="852"><subfield code="c">51</subfield></datafield><datafield ind1=" " ind2=" " tag="CAT"><subfield code="a">SYS</subfield><subfield code="c">20170103</subfield><subfield code="h">174832</subfield></datafield></record></collection>